% This file was created with Citavi 6.15.2.0

@misc{Allegro.2022,
 author = {Allegro},
 date = {2022},
 title = {A4988-Datasheet},
 url = {\url{https://www.allegromicro.com}},
 keywords = {A4988;Motorsteuerung;Treiber},
 urldate = {08.04.2024},
 edition = {8},
 file = {A4988-Datasheet:Attachments/A4988-Datasheet.pdf:application/pdf}
}


@misc{AMS,
 abstract = {DATASHEET SEARCH, DATABOOK, COMPONENT, FREE DOWNLOAD SITE},
 author = {{Adcanced Monolithic System}},
 title = {AMS1117 ADMOS | Alldatasheet},
 url = {\url{http://www.advanced-monolithic.com/pdf/ds1117.pdf}},
 keywords = {ALLDATASHEET;ARCHIVE;CATALOG;CHIP;DATABOOK;Datasheet;ELECTRONIC COMPONENT;IC;ISO COMPONENT;PDF;PDF DATASHEET;SEMICONDUCTOR;TRANSISTOR},
 urldate = {11.04.2024},
 file = {AMS1117-Datasheet:Attachments/AMS1117-Datasheet.PDF:application/pdf}
}


@misc{Ard.2024,
 author = {Arduino},
 date = {2024},
 title = {ABX00031-Datasheet},
 file = {ABX00031-datasheet:Attachments/ABX00031-datasheet.pdf:application/pdf}
}


@misc{Arduino.,
 author = {Arduino},
 editor = {Arduino},
 title = {setup()},
 url = {\url{https://www.arduino.cc/reference/en/language/structure/sketch/setup/}},
 urldate = {12.04.2024},
 file = {20240412setup:Attachments/20240412setup.pdf:application/pdf}
}


@misc{Arduino.2024,
 author = {Arduino},
 editor = {Arduino},
 year = {2024},
 title = {Downloads: Arduino IDE 2.3.2},
 url = {\url{https://www.arduino.cc/en/software}},
 address = {https://www.arduino.cc/en/software},
 urldate = {12.04.2024},
 file = {20240412ArduinoSoftware:Attachments/20240412ArduinoSoftware.pdf:application/pdf}
}


@misc{Arduino.2024b,
 author = {Arduino},
 editor = {Arduino},
 year = {2024},
 title = {Installing a Board Package in the IDE 2},
 url = {\url{https://docs.arduino.cc/software/ide-v2/tutorials/ide-v2-board-manager/?queryID=145da8e8c0ca68927b79659df14079a5&_gl=1*1c27moy*_ga*MTQ0NDAyMjU0Ni4xNzEyMjI4NjMx*_ga_NEXN8H46L5*MTcxMjkzNTM5NS4xMi4xLjE3MTI5MzYxNTguMC4wLjE4MTYyNDUyNw..*_fplc*R3haa2kwYmJ5b0owSXBZQmNtNDElMkYySTNJZEZjVDdueVdoViUyQkg1NmlHTCUyRkRxUWlkQmlvMmxYMjMybmcycGZRZ295TjR1STFaZDl6c0txNGtBV1lETklqUzdGUFdKbjFmQktyVXhQWHclMkJiQVMlMkZka1pNRkVUWHduVnhKWEd6dyUzRCUzRA..}},
 urldate = {12.04.2024},
 file = {20240412InstallingaBoardPackage:Attachments/20240412InstallingaBoardPackage.pdf:application/pdf}
}


@misc{Arduino.2024c,
 author = {Arduino},
 editor = {Arduino},
 year = {2024},
 title = {Installing Libraries},
 url = {\url{https://docs.arduino.cc/software/ide-v2/tutorials/ide-v2-installing-a-library/}},
 urldate = {12.04.2024},
 file = {20240412InstallingLibraries:Attachments/20240412InstallingLibraries.pdf:application/pdf}
}


@misc{Arduino.2024e,
 author = {Arduino},
 editor = {Arduino},
 year = {2024},
 title = {loop()},
 url = {\url{https://www.arduino.cc/reference/en/language/structure/sketch/loop/}},
 urldate = {12.04.2024},
 file = {20240412loop:Attachments/20240412loop.pdf:application/pdf}
}


@misc{Arm.2020,
 author = {Arm},
 date = {2020},
 title = {Arm-Cortex-M4-Processor-Datasheet},
 file = {Arm-Cortex-M4-Processor-Datasheet:Attachments/Arm-Cortex-M4-Processor-Datasheet.pdf:application/pdf}
}


@misc{AT.2015,
 author = {{Avago Technologies}},
 date = {2015},
 title = {Datasheet - APDS-9960 - Digital Proximity, Ambient Light, RGB and Gesture Sensor},
 file = {APDS-9960-datasheet:Attachments/APDS-9960-datasheet.pdf:application/pdf}
}


@misc{AZDelivery.24,
 author = {AZ-Delivery},
 editor = {AZ-Delivery},
 year = {24},
 title = {1,3 Zoll OLED Display  Datenblatt},
 url = {\url{https://www.az-delivery.de/products/1-3zoll-i2c-oled-display}},
 urldate = {26.04.2024}
}


@book{Babiel.2023,
 author = {Babiel, Gerhard},
 year = {2023},
 title = {Elektrische Antriebe in der Fahrzeugtechnik: Lehr- und Arbeitsbuch},
 price = {Festeinband : circa EUR 37.99 (DE), circa EUR 39.06 (AT), circa CHF 42.00 (freier Preis), circa EUR 35.51},
 address = {Wiesbaden and Heidelberg},
 edition = {5. Auflage},
 publisher = {{Springer Vieweg}},
 isbn = {978-3-658-40585-4},
 institution = {{Springer Fachmedien Wiesbaden}},
 doi = {\url{10.1007/978-3-658-40586-1}},
 file = {Babiel 2023 - Elektrische Antriebe in der Fahrzeugtechnik:Attachments/Babiel 2023 - Elektrische Antriebe in der Fahrzeugtechnik.pdf:application/pdf}
}


@book{Bartmann.2015,
 author = {Bartmann, Erik},
 year = {2015},
 title = {Die elektronische Welt mit Arduino entdecken: Mit dem Arduino messen, steuern und spielen ; Elektronik leicht verstehen ; 44 Arduino-Projekte f{\"u}r den Selbstbau},
 price = {kart. : EUR 39.90 (DE)},
 keywords = {Arduino;Bartmann;DIY-Projekte;einfach;Mikrocontroller},
 address = {Beijing and K{\"o}ln},
 edition = {[stark erw. 2. Aufl.], 1. korr. Nachdr},
 publisher = {O'Reilly},
 isbn = {9783955611156},
 series = {O'Reillys Basics}
}


@book{Basler.2016,
 author = {Basler, Stefan},
 year = {2016},
 title = {Encoder und Motor-Feedback-Systeme},
 url = {\url{https://link.springer.com/book/10.1007/978-3-658-12844-9}},
 keywords = {Drehgeber;Encoder},
 address = {Wiesbaden},
 urldate = {11.04.2024},
 publisher = {{Springer Fachmedien Wiesbaden}},
 isbn = {978-3-658-12843-2},
 doi = {\url{10.1007/978-3-658-12844-9}},
 file = {Encoder{\&}MotorFeedbacksysteme:Attachments/Encoder{\&}MotorFeedbacksysteme.pdf:application/pdf}
}


@book{Bernstein.2018,
 author = {Bernstein, Herbert},
 year = {2018},
 title = {Elektrotechnik/Elektronik f{\"u}r Maschinenbauer: Einfach und praxisgerecht},
 price = {Book : EUR 34.99 (DE), EUR 35.97 (AT), CHF 36.00 (freier Preis)},
 address = {Wiesbaden and Heidelberg},
 edition = {3., {\"u}berarbeitete Auflage},
 publisher = {{Springer Vieweg}},
 isbn = {978-3-658-20837-0},
 series = {Lehrbuch},
 institution = {{Springer Fachmedien Wiesbaden}},
 doi = {\url{10.1007/978-3-658-20838-7}},
 file = {Bernstein 2018 - Elektrotechnik Elektronik f{\"u}r Maschinenbauer:Attachments/Bernstein 2018 - Elektrotechnik Elektronik f{\"u}r Maschinenbauer.pdf:application/pdf}
}


@book{Bernstein.2020,
 abstract = {Jan ter Veen 2023: 



Das Buch {\textquotedbl}Mikrocontroller Grundlagen der Hard- und Software{\textquotedbl} von Herbert Bernstein ist ein umfassendes Werk, das sich mit den Grundlagen der Mikrocontroller ATtiny2313, ATtiny26 und ATmega32 besch{\"a}ftigt. Es bietet eine detaillierte Einf{\"u}hrung in die Welt der Mikrocontroller und vermittelt sowohl theoretisches Wissen als auch praktische Anwendungen.},
 author = {Bernstein, Herbert},
 year = {2020},
 title = {Mikrocontroller: Grundlagen der Hard- und Software der Mikrocontroller ATtiny2313, ATtiny26 und ATmega32},
 price = {Broschur: circa EUR 37.99 (DE), circa EUR 39.06 (AT), circa CHF 42.00 (freier Preis))},
 keywords = {ATmega32;ATtiny2313;ATtiny26;Bernstein;Grundlagen;Mikrocontroller},
 address = {Wiesbaden and Heidelberg},
 edition = {2., aktualisierte und erweiterte Auflage},
 publisher = {{Springer Vieweg}},
 isbn = {978-3-658-30067-8},
 series = {Lehrbuch},
 institution = {{Springer Fachmedien Wiesbaden}}
}


@book{Binder.2017,
 author = {Binder, Andreas},
 year = {2017},
 title = {Elektrische Maschinen und Antriebe: Grundlagen, Betriebsverhalten},
 price = {Pb. : ca. EUR 149.95, ca. sfr 76.50},
 address = {Berlin and Heidelberg},
 edition = {2., aktualisierte  Auflage},
 publisher = {{Springer Vieweg}},
 isbn = {978-3-662-53240-9},
 doi = {\url{10.1007/978-3-662-53241-6}},
 file = {Binder 2017 - Elektrische Maschinen und Antriebe:Attachments/Binder 2017 - Elektrische Maschinen und Antriebe.pdf:application/pdf}
}


@book{Bruhlmann.2012,
 abstract = {Jan ter Veen 2023:



Das Buch Praxiseinstieg - Arduino 1.0 von Thomas Br{\"u}hlmann ist ein praktischer Leitfaden f{\"u}r Einsteiger, die mit dem Arduino-Entwicklungssystem arbeiten m{\"o}chten. Es bietet eine umfassende Einf{\"u}hrung in die Grundlagen der Arduino-Plattform und vermittelt sowohl theoretisches Wissen als auch praktische Anwendungen.},
 author = {Br{\"u}hlmann, Thomas},
 year = {2012},
 title = {Arduino: Praxiseinstieg ; [behandelt Arduino 1.0 ; komplett in Farbe},
 price = {Pb. : EUR 29.95 (DE)},
 keywords = {Arduino;Br{\"u}hlmann;Firmware;Grundlagen;Hardware;IDE;Software},
 address = {Heidelberg and M{\"u}nchen and Landsberg and Frechen and Hamburg},
 edition = {2. Aufl.},
 publisher = {mitp},
 isbn = {9783826691164}
}


@book{DieterStotz.2019,
 author = {{Dieter Stotz}},
 year = {2019},
 title = {Computergest{\"u}tzte Audio- und Videotechnik: Multimediatechnik in der Anwendung},
 url = {\url{https://link.springer.com/book/10.1007/978-3-662-58873-4}},
 address = {Berlin, Heidelberg},
 urldate = {26.04.2024},
 edition = {3},
 publisher = {{Springer Vieweg}},
 isbn = {978-3-662-58872-7}
}


@misc{DISPLAYVISIONSGmbH.012011,
 author = {{DISPLAY VISIONS GmbH}},
 date = {01/2011},
 title = {EA DIP162-DHNLED - Datenblatt},
 url = {\url{https://www.lcd-module.de/pdf/doma/dip162-d.pdf}},
 address = {Gliching},
 urldate = {15.04.2024}
}


@book{Gehrke.2022,
 author = {Gehrke, Winfried and Winzker, Marco},
 year = {2022},
 title = {Digitaltechnik: Grundlagen, VHDL, FPGAs, Mikrocontroller},
 url = {\url{http://www.springer.com/}},
 price = {(Book w. online files / update : circa EUR 39.99 (DE), circa EUR 41.11 (AT), circa CHF 44.50 (freier Preis), circa EUR 37.37)},
 address = {Berlin and Heidelberg},
 edition = {8. Auflage},
 publisher = {{Springer Vieweg}},
 isbn = {9783662639535},
 institution = {{Springer-Verlag GmbH}},
 file = {978-3-662-63954-2:Attachments/978-3-662-63954-2.pdf:application/pdf}
}


@book{Hagl.2021,
 author = {Hagl, Rainer},
 year = {2021},
 title = {Elektrische Antriebstechnik},
 price = {circa EUR 29.99 (DE), circa EUR 30.90 (AT)},
 address = {M{\"u}nchen},
 edition = {3., {\"u}berarbeitete und erweiterte Auflage},
 publisher = {Hanser},
 isbn = {978-3-446-46572-5},
 doi = {\url{10.3139/9783446468214}}
}


@misc{HTech.2015,
 author = {{Handson Technology}},
 date = {2015},
 title = {Liquid Crystal Display - LCD},
 url = {\url{https://www.handsontec.com}},
 keywords = {LCD},
 urldate = {10.04.2024},
 file = {lcd-techDoc:Attachments/lcd-techDoc.pdf:application/pdf}
}


@book{Janisch.2017,
 abstract = {Du bist im Besitz eines Arduino und kannst es kaum erwarten, den smarten Mikrocontroller in Aktion zu sehen? In diesem Buch erwartet dich Praxis pur. Anhand zahlreicher Beispielanwendungen lernst du alles, was du wissen musst, um deine Elektronik-Projekte mithilfe des Arduino erfolgreich in die Tat umzusetzen - von der Sketch-Programmierung {\"u}ber den Schaltungsaufbau bis zum Einsatz der Hardware-Komponenten.



Wenn du darauf brennst, deine eigenen Elektronik-Projekte mit dem Arduino zu verwirklichen, dann liefert dir dieses Buch alle Skills, um den Umgang mit der Arduino-Software und -Hardware souver{\"a}n zu meistern. Von leicht bis anspruchsvoll ist f{\"u}r jedes Wissenslevel ein Projekt enthalten, sodass deinem Erfindergeist bald keine Grenzen mehr gesetzt sein werden.},
 author = {J{\"a}nisch, Robert and Donges, J{\"o}rn},
 year = {2017},
 title = {Mach was mit Arduino! Einsteigen und durchstarten mit Drum Machine, Roboterauto {\&} Co},
 address = {M{\"u}nchen},
 publisher = {{Carl Hanser Verlag GmbH {\&} Co. KG}},
 isbn = {9783446452589},
 series = {Makers do it}
}


@misc{Jkongmotor.,
 author = {Jkongmotor},
 title = {Nema17-Datasheet},
 url = {\url{https://ecksteinimg.de/Datasheet/Schrittmotor/JK42HS34-0844A/JK42HS34-0844YA-01.pdf}},
 urldate = {11.04.2024},
 file = {Nema17-Datasheet:Attachments/Nema17-Datasheet.pdf:application/pdf}
}


@article{Meanwell.2019,
 author = {Meanwell},
 year = {2019},
 title = {RD-50-20190729.cdr},
 url = {\url{https://cdn-reichelt.de/documents/datenblatt/D500/RD-50_DS-EN.PDF}},
 urldate = {11.04.2024},
 file = {RD-50{\_}DS-Datasheet:Attachments/RD-50{\_}DS-Datasheet.PDF:application/pdf}
}


@misc{Mentor.2024,
 author = {Mentor},
 date = {2024},
 title = {SIGNALLEUCHTENSMD-LED-Datenblatt},
 url = {\url{https://www.mentor.de.com/bauelemente/product/2660-8301}},
 urldate = {10.04.2024},
 file = {SIGNALLEUCHTENSMD-LED-Datenblatt:Attachments/SIGNALLEUCHTENSMD-LED-Datenblatt.pdf:application/pdf}
}


@book{Meroth.2018,
 abstract = {A. Meroth ist bekannt als Herausgeber eines Buches {\"u}ber Infotainmentsysteme im Kraftfahrzeug. Jetzt behandelt er eine viel allgemeinere Aufgabe aus dem IoT, die Steuerung und {\"U}berwachung von Vorg{\"a}ngen durch Embedded Systems und geht dabei insbesondere auf Sensorennetzwerke mit ihren vielen Bausteinen aus der Mikrocontrollerwelt ein. Die Autoren st{\"u}tzen sich auf Fallbeispiele, deren Programmierung in C erfolgt. - J. Wiegelmann hat diese Programmierung sehr ausf{\"u}hrlich beschrieben, st{\"u}tzt sich aber in seinem Buch nur auf ein gr{\"o}e︢res Fallbeispiel. - So liegt der besondere Wert des vorliegenden Buches darin, dass viele leicht verallgemeinerungsf{\"a}hige Beispiele insbesondere aus den Bereichen Druck, Temperatur, Helligkeit und Beschleunigung und zus{\"a}tzlich als Hilfsmittel auch programmierbare Bausteine (Flash, Uhr, Radio, Portexpander) vorgestellt werden. Angesprochen werden Studierende h{\"o}herer Semester und Entwicklungsingenieure mit Vorkenntnissen - m{\"o}glichst auch in C. - Die kurze Einf{\"u}hrung in C zu Beginn hilft nicht wesentlich weiter},
 author = {Meroth, Ansgar and Sora, Petre},
 year = {2018},
 title = {Sensornetzwerke in Theorie und Praxis: Embedded Systems-Projekte erfolgreich realisieren},
 price = {(Book : EUR 29.99 (DE), EUR 30.83 (AT), CHF 31.00 (freier Preis))},
 keywords = {Arduino;Atmel;Automobiltechnik;Automotive;AVR-Familie;CAN;digital;Digitaltechnik;Electronics;Elektronik;Elektrotechnik;Embedded Systems;Engineering;Entwicklung;Funk;LIN;Mikrocontroller;Netzwerke;Progammierung C;Senstortechnik;Systems engineering;TEC008000;TJFM},
 address = {Wiesbaden and Heidelberg},
 publisher = {{Springer Vieweg}},
 isbn = {3658183853},
 series = {Lehrbuch},
 institution = {{Springer Fachmedien Wiesbaden}},
 file = {978-3-658-18386-8(Kommunikationsprotokolle):Attachments/978-3-658-18386-8(Kommunikationsprotokolle).pdf:application/pdf}
}


@misc{NrdSem.2024,
 author = {{Nordic Semiconductor}},
 date = {2024},
 title = {nRF9161 Product Specification: Cryptocell-ARM TrustZone CryptoCell 310},
 urldate = {09.04.2024},
 file = {cryptocell{\_}310-technicalDocument:Attachments/cryptocell{\_}310-technicalDocument.pdf:application/pdf}
}


@article{NrdSem2.2024,
 author = {{Nordic Semiconductor}},
 year = {2024},
 title = {nRF52840 Product Specification Memory},
 keywords = {AAR;AES;CCM;ECB},
 urldate = {09.04.2024},
 file = {nrf52840{\_}product{\_}specification{\_}memory-techDoc:Attachments/nrf52840{\_}product{\_}specification{\_}memory-techDoc.pdf:application/pdf}
}


@misc{NrdSem3.2023,
 author = {{Nordic Semiconductor}},
 date = {2023},
 title = {nRF5340 Product Specification: QSPI --- Quad serial peripheral interface},
 url = {\url{https://infocenter.nordicsemi.com}},
 keywords = {NRF52 Series;Peripherals;QSPI},
 urldate = {09.04.2024},
 file = {quad{\_}serial{\_}peripheral{\_}interface-techDoc:Attachments/quad{\_}serial{\_}peripheral{\_}interface-techDoc.pdf:application/pdf}
}


@misc{NrdSem4.2024,
 author = {{Nordic Semiconductor}},
 date = {2024},
 title = {nRF52840 Product Specification 2},
 keywords = {ArmCortex M4;Bluetooth 5;NFT},
 urldate = {09.04.2024},
 file = {nrf52840{\_}product{\_}specification-techDoc:Attachments/nrf52840{\_}product{\_}specification-techDoc.pdf:application/pdf}
}


@misc{PetrFilipi.2022,
 author = {{Petr Filipi} and {Arduino Tech Support Team}},
 year = {2022},
 title = {Difference{\_}between{\_}A33BLESense{\_}and{\_}SenseLite: A Difference between A N 33 BLE Sense vs. Sense Lite},
 url = {\url{https://forum.arduino.cc/t/a-difference-between-a-n-33-ble-sense-vs-sense-lite/1030305}},
 urldate = {08.04.2024},
 file = {Difference{\_}between{\_}A33BLESense{\_}and{\_}SenseLite:Attachments/Difference{\_}between{\_}A33BLESense{\_}and{\_}SenseLite.pdf:application/pdf}
}


@book{Schroder.2013,
 author = {Schr{\"o}der, Dierk},
 year = {2013},
 title = {Grundlagen: Mit durchgerechneten {\"U}bungs- und Pr{\"u}fungsaufgaben},
 price = {Pb. : ca. EUR 54.99},
 address = {Berlin, Heidelberg},
 edition = {5., erw. Aufl.},
 volume = {1},
 publisher = {{Springer Vieweg}},
 isbn = {978-3-642-30470-5},
 series = {Springer-Lehrbuch},
 doi = {\url{10.1007/978-3-642-30471-2}},
 file = {Schr{\"o}der 2013 - Grundlagen:Attachments/Schr{\"o}der 2013 - Grundlagen.pdf:application/pdf}
}


@misc{SimacElec.2019,
 author = {{Simac Electronics GmbH}},
 date = {2019},
 title = {COM-KY040RE-Datenblatt: Drehencoder mit Tasterfunktion},
 url = {\url{www.joy-it.net}},
 urldate = {11.04.2024},
 file = {COM-KY040RE-Datenblatt:Attachments/COM-KY040RE-Datenblatt.pdf:application/pdf}
}


@misc{STM1.2015,
 abstract = {-},
 author = {STMICROELECTRONICS},
 date = {2015},
 title = {Datasheet - LSM9DS1- iNEMO inertial module: 3D accelerometer, 3D gyroscope, 3D magnetometer},
 keywords = {025715;Datasheet;LSM9DS1;Product Development;Specification;Technical Literature},
 file = {LSM9DS1-datasheet:Attachments/LSM9DS1-datasheet.pdf:application/pdf}
}


@misc{STM2.2017,
 abstract = {-},
 author = {STMICROELECTRONICS},
 date = {2017},
 title = {Datasheet - LPS22HB-MEMS nano pressure sensor: 260-1260 hPa absolute digital output barometer},
 keywords = {027083;Datasheet;LPS22HB;Product Development;Specification;Technical Literature},
 file = {LPS22HB-datasheet:Attachments/LPS22HB-datasheet.pdf:application/pdf}
}


@misc{STM3.2021,
 abstract = {The MP34DT05-A is an ultra-compact, low-power, omnidirectional, digital MEMS microphone built with a capacitive sensing element and an IC interface.},
 author = {STMICROELECTRONICS},
 date = {2021},
 title = {Datasheet - MP34DT05-A - MEMS audio sensor omnidirectional digital microphone},
 file = {MP34DT05-A-datasheet:Attachments/MP34DT05-A-datasheet.pdf:application/pdf}
}


@book{Wagner.2013,
 abstract = {Intro -- 1 Einleitung -- 1.1 System-on-Chip Entwurf -- 1.2 System-in-Package Entwurf -- 1.3 Motivation und Ziel dieser Arbeit -- 2 Optimierung mit evolution{\"a}ren Algorithmen -- 2.1 Multikriterielle Optimierung und Selektoren -- 2.1.1 Strength Pareto Evolutionary Algorithm 2 (SPEA-2) -- 2.1.2 Non-dominated Sorting Genetic Algorithm-II (NSGA-II) -- 3 Systempartitionierung -- 3.1 Manuelle Partitionierung -- 3.2 Automatische Partitionierung -- 3.2.1 Ansatz zur Automatisierung -- 3.2.2 Erstellen der Daten -- 3.2.3 Einlesen der Problemstellung -- 3.2.4 Der Genotyp -- 3.2.5 Der Ph{\"a}notyp -- 3.2.6 Evaluieren der L{\"o}sung -- 3.3 Implementierung f{\"u}r Opt4J Framework -- 3.4 Optimierungsergebnisse -- 3.4.1 Performancemessung -- 4 Realisierte Hardware -- 4.1 Referenzsystem 3-Kanal-SoC -- 4.2 3-Kanal-EKG-System -- 4.2.1 Aufteilung -- 4.2.2 Analoges Frontend, 1 Kanal -- 4.2.3 Dezimator Chip -- 4.2.4 Kommerzielle Chips -- 4.2.5 Aufbau des Systems -- 4.2.6 Messergebnisse -- 4.3 4-Kanal-EKG-System als USB-Stick -- 4.3.1 Analoges Frontend, 2 Kan{\"a}le -- 4.3.2 Aufbau des Systems -- 4.3.3 Messergebnisse -- 4.4 Vergleich mit automatisierter Partitionierung -- 5 Zusammenfassung und Ausblick -- 5.1 Zusammenfassung -- 5.2 Ausblick -- 5.2.1 Bedienbarkeit -- 5.2.2 Berechnung -- 5.2.3 Automatisierung des Entwurfsablaufs -- 5.2.4 Kostenmodell -- 5.2.5 Optimierung f{\"u}r 3DIC.},
 author = {Wagner, Fabian},
 year = {2013},
 title = {Automatisierte Partitionierung Von Mixed-Signal Schaltungen F{\"u}r Die Realisierung Von Systems-In-Package},
 url = {\url{https://ebookcentral.proquest.com/lib/kxp/detail.action?docID=5223980}},
 keywords = {Platinen Architektur;System-in-Package;System-on-Chip},
 address = {Berlin},
 volume = {v.3},
 publisher = {{Logos Verlag Berlin}},
 isbn = {9783832596460},
 series = {Wissenschaftliche Beitr{\"a}ge Zur Medizinelektronik Ser}
}


@misc{WaveShare.2007,
 author = {WaveShare},
 date = {2007},
 title = {WaveShare LCD1602},
 url = {\url{https://www.waveshare.com}},
 keywords = {LCD1602},
 urldate = {10.04.2024},
 file = {LCD1602-Datasheet:Attachments/LCD1602-Datasheet.pdf:application/pdf}
}


